%Introduksjon. Kvalitetsregister.
@article{1-kvalitetsregistre.no,
author = {Nasjonalt servicemiljø for medisinske kvalitetsregistre},
title = {Norsk gynekologisk endoskopiregister [Internett].},
year = {2023 [cited2023Jan23]},
note = {Available from: https://www.kvalitetsregistre.no/register/gynekologi/norsk-gynekologisk-endoskopiregister/},
url = {https://www.kvalitetsregistre.no/register/gynekologi/norsk-gynekologisk-endoskopiregister/}
},

@article {Jernberg1617,
	author = {Jernberg, Tomas and Attebring, Mona F and Hambraeus, Kristina and Ivert, Torbjorn and James, Stefan and Jeppsson, Anders and Lagerqvist, Bo and Lindahl, Bertil and Stenestrand, Ulf and Wallentin, Lars},
	title = {The Swedish Web-system for Enhancement and Development of Evidence-based care in Heart disease Evaluated According to Recommended Therapies (SWEDEHEART)},
	volume = {96},
	number = {20},
	pages = {1617--1621},
	year = {2010},
	doi = {10.1136/hrt.2010.198804},
	publisher = {BMJ Publishing Group Ltd},
	abstract = {Aims The aims of the Swedish Web-system for Enhancement and Development of Evidence-based care in Heart disease Evaluated According to Recommended Therapies (SWEDEHEART) are to support the improvement of care and evidence-based development of therapy of coronary artery disease (CAD).Interventions To provide users with online interactive reports monitoring the processes of care and outcomes and allowing direct comparisons over time and with other hospitals. National, regional and county-based reports are publicly presented on a yearly basis.Setting Every hospital (n=74) in Sweden providing the relevant services participates. Launched in 2009 after merging four national registries on CAD.Population Consecutive acute coronary syndrome (ACS) patients, and patients undergoing coronary angiography/angioplasty or heart surgery. Includes approximately 80 000 new cases each year.Startpoints On admission in ACS patients, at coronary angiography in patients with stable CAD.Baseline data 106 variables for patients with ACS, another 75 variables regarding secondary prevention after 12{\textendash}14 months, 150 variables for patients undergoing coronary angiography/angioplasty, 100 variables for patients undergoing heart surgery.Data capture Web-based registry with all data registered online directly by the caregiver.Data quality A monitor visits approximately 20 hospitals each year. In 2007, there was a 96\% agreement.Endpoints and linkages to other data Merged with the National Cause of Death Register, including information about vital status of all Swedish citizens, the National Patient Registry, containing diagnoses at discharge for all hospital stays in Sweden and the National Registry of Drug prescriptions recording all drug prescriptions in Sweden.Access to data Available for research by application to the SWEDEHEART steering group.},
	issn = {1355-6037},
	URL = {https://heart.bmj.com/content/96/20/1617},
	eprint = {https://heart.bmj.com/content/96/20/1617.full.pdf},
	journal = {Heart}
},

%introduksjon. Kvalitetsregister.
@article{1-ablanor,
author = {Nasjonalt servicemiljø for medisinske kvalitetsregistre},
title = {Nasjonalt register for ablasjonsbehandling og elektrofysiologi i Norge (AblaNor) [Internett]},
year = {2023 [cited2023Jan23]},
note = {Available from: https://www.kvalitetsregistre.no/register/hjerte-og-karsykdommer/nasjonalt-register-ablasjonsbehandling-og-elektrofysiologi-i-norge },
url = {https://www.kvalitetsregistre.no/register/hjerte-og-karsykdommer/nasjonalt-register-ablasjonsbehandling-og-elektrofysiologi-i-norge }
},

%introduksjon. Kvalitetsregister.
@article{1-muskel,
author = {Nasjonalt servicemiljø for medisinske kvalitetsregistre},
title = {Norsk register for arvelige og medfødte nevromuskulære sykdommer [Internett]},
year = {2023 [cited2023Jan23]},
note = {Available from: https://www.kvalitetsregistre.no/register/nervesystemet/norsk-register-arvelige-og-medfodte-nevromuskulaere-sykdommer },
url = { https://www.kvalitetsregistre.no/register/nervesystemet/norsk-register-arvelige-og-medfodte-nevromuskulaere-sykdommer }
},

%introduksjon. Bakgrunn.
@article{1-ICD-10,
author = { Ulrik Malt (Universitetet i Oslo), Geir Sverre Braut (Høgskulen på Vestlandet)},
title = { Store medisinske leksikon - ICD-10 [Internett]},
year = {2023 [cited2023Jan23]},
note = {Available from: https://sml.snl.no/ICD-10 },
url = { https://sml.snl.no/ICD-10 }
},


%introduksjon. Bakgrunn.
@article{1-NCMP,
author = { Direktoratet for e-helse },
title = { NCMP: Kodeverk for medisinske prosedyrer},
year = { 2023 [cited2023Jan23]},
note = {Available from: https://www.ehelse.no/standardisering/standarder/ncmp-kodeverk-for-medisinske-prosedyrer },
url = { https://www.ehelse.no/standardisering/standarder/ncmp-kodeverk-for-medisinske-prosedyrer }
},

%introduksjon. Bakgrunn.
@article{1-NCSP,
author = { Direktoratet for e-helse },
title = { NCSP: Kodeverk for kirurgiske prosedyrer },
year = { 2023 [cited2023Jan23]},
note = {Available from: https://www.ehelse.no/standardisering/standarder/ncsp-kodeverk-for-kirurgiske-prosedyrer },
url = { https://www.ehelse.no/standardisering/standarder/ncsp-kodeverk-for-kirurgiske-prosedyrer }
},


%introduksjon. Kvalitetsregister.
@article{1-nra,
author = {Nasjonalt servicemiljø for medisinske kvalitetsregistre},
title = {Norsk register for analinkontinens [Internett]},
year = {2023 [cited2023Jan23]},
note = {Available from: https://www.kvalitetsregistre.no/register/mage-og-tarm/norsk-register-analinkontinens },
url = { https://www.kvalitetsregistre.no/register/mage-og-tarm/norsk-register-analinkontinens }
},

%introduksjon. Kvalitetsregister.
@article{1-norgast,
author = {Nasjonalt servicemiljø for medisinske kvalitetsregistre},
title = { Norsk register for gastrokirurgi (NoRGast) [Internett]},
year = {2023 [cited2023Jan23]},
note = {Available from: https://www.kvalitetsregistre.no/register/mage-og-tarm/norsk-register-gastrokirurgi-norgast },
url = { https://www.kvalitetsregistre.no/register/mage-og-tarm/norsk-register-gastrokirurgi-norgast }
},

%introduksjon. Kvalitetsregister.
@article{1-langmek,
author = {Nasjonalt servicemiljø for medisinske kvalitetsregistre},
title = { Nasjonalt register for langtids mekanisk ventilasjon [Internett]},
year = {2023 [cited2023Jan23]},
note = {Available from: https://www.kvalitetsregistre.no/register/luftveier/nasjonalt-register-langtids-mekanisk-ventilasjon },
url = { https://www.kvalitetsregistre.no/register/luftveier/nasjonalt-register-langtids-mekanisk-ventilasjon }
},

%introduksjon. Kvalitetsregister.
@article{1-soreg,
author = {Nasjonalt servicemiljø for medisinske kvalitetsregistre},
title = { Norsk kvalitetsregister for fedmekirurgi (SOReg-Norge) [Internett]},
year = {2023 [cited2023Jan23]},
note = {Available from: https://helse-bergen.no/avdelinger/laboratorieklinikken/medisinsk-biokjemi-og-farmakologi/norsk-kvalitetsregister-for-fedmekirurgi-soreg-norge },
url = { https://helse-bergen.no/avdelinger/laboratorieklinikken/medisinsk-biokjemi-og-farmakologi/norsk-kvalitetsregister-for-fedmekirurgi-soreg-norge }
},

%introduksjon. Kvalitetsregister.
@article{1-rygg,
author = {Nasjonalt servicemiljø for medisinske kvalitetsregistre},
title = { Nasjonalt kvalitetsregister for ryggkirurgi [Internett]},
year = {2023 [cited2023Jan23]},
note = {Available from: https://www.kvalitetsregistre.no/register/muskel-og-skjelett/nasjonalt-kvalitetsregister-ryggkirurgi },
url = { https://www.kvalitetsregistre.no/register/muskel-og-skjelett/nasjonalt-kvalitetsregister-ryggkirurgi }
},



%introduksjon. Kvalitetsregister.
@article{1-endokarditt,
author = {Universitetssykehuset Nord-Norge HF},
title = { Nordnorsk kvalitetsregister for endokarditt [Internett]},
year = {2023 [cited2023Jan23]},
note = {Available from: https://unn.no/fag-og-forskning/medisinske-kvalitetsregistre/nordnorsk-kvalitetsregister-for-endokarditt },
url = { https://unn.no/fag-og-forskning/medisinske-kvalitetsregistre/nordnorsk-kvalitetsregister-for-endokarditt }
},


%introduksjon. Kvalitetsregister.
@article{1-Norspis,
author = {Nordlandssykehuset HF},
title = {Norsk kvalitetsregister for behandling av spiseforstyrrelser - NorSpis [Internett]},
year = {2023 [cited2023Jan23]},
note = {https://nordlandssykehuset.no/forskning-og-innovasjon/kvalitetsregistre/norsk-kvalitetsregister-for-behandling-av-spiseforstyrrelser-norspis },
url = {https://nordlandssykehuset.no/forskning-og-innovasjon/kvalitetsregistre/norsk-kvalitetsregister-for-behandling-av-spiseforstyrrelser-norspis }
},


%Introduksjon. Kvalitetsregister.
@article{1-kvalitetsforbedring,
author = {Nasjonalt servicemiljø for medisinske kvalitetsregistre},
title = {Kvalitetsforbedring [Internett].},
year = {2023 [cited2023Jan23]},
note = {Available from: https://www.kvalitetsregistre.no/kvalitetsforbedring/},
url = {https://www.kvalitetsregistre.no/kvalitetsforbedring/}
},

%Introduksjon. Kvalitetsregister.
@article{1-norsk-helsenett,
author = {Norsk helsenett},
title = {Medisinske kvalitetsregistre [Internett].},
year = {2023 [cited2023Jan23]},
note = {Available from: https://www.nhn.no/tjenester/medisinske-kvalitetsregistre/},
url = {https://www.nhn.no/tjenester/medisinske-kvalitetsregistre/}
},

%Gjennomførbarhetsanalyse.Risikoanalyse.
@article{4-forelesning-risikonalyse,
author = {Tanita Fossli Brustad},
title = {Risikoanalyse.},
year = { 2022},
publisher = {UiT Norges arktiske universitet}
},

%Gjennomførbarhetsanalyse.Risikoanalyse.
@article{4-norsk-standard,
author = {Ann Karin Midtgaard},
title = {NS 5814:2021. Krav til risikovurderinger. [Internett].},
year = { 2021} 
},

%Gjennomførbarhetsanalyse.Programmeringsspråk.
@article{4-imaginarycloud.com,
author = {Marianna Berga, Rute Figueiredo},
title = {Kotlin vs Java: the 12 differences you should know. [Internett].},
year = { 2021 [cited2023Jan23]},
note = {Available from: https://www.imaginarycloud.com/blog/kotlin-vs-java/},
url = {https://www.imaginarycloud.com/blog/kotlin-vs-java/}
},

%Gjennomførbarhetsanalyse.Web rammeverk.
@article{4-ktor.io-idea,
author = {JetBrains},
title = {IntelliJ IDEA Ultimate Support [Internett].},
year = {2023 [cited2023Jan23]},
note = {Available from: https://ktor.io/idea/},
url = {https://ktor.io/idea/}
},

%Gjennomførbarhetsanalyse.Web rammeverk.
@article{4-ktor.io,
author = {JetBrains},
title = {Simple and fun. [Internett].},
year = {2023 [cited2023Jan23]},
note = {Available from: https://ktor.io/},
url = {https://ktor.io/}
},

@article{4-coroutines,
author = {JetBrains},
title = {Coroutines. [Internett].},
year = {2023 [cited2023Jan23]},
note = {Available fhttps://kotlinlang.org/docs/coroutines-overview.html},
url = {https://kotlinlang.org/docs/coroutines-overview.html}
},


%Gjennomførbarhetanalyse. IDE (Integrated Development Environment).
@article{4-jetbrains.com,
author = {JetBrains },
title = {What is IntelliJ IDEA? [Internett].},
year = {2023 [cited2023Jan23]},
note = {Available from: https://www.jetbrains.com/idea/features/},
url = {https://www.jetbrains.com/idea/features/}
},

%Gjennomførbarhetsanalyse. Dev/deployment env. Docker Containere vs Virtual Machines.
@article{4-cloudacademy.com,
author = {Simran Arora},
title = {Docker vs. Virtual Machines: Differences You Should Know [Internett].},
year = {2022 [cited2023Jan23]},
note = {Available from: https://cloudacademy.com/blog/docker-vs-virtual-machines-differences-you-should-know/},
url = {https://cloudacademy.com/blog/docker-vs-virtual-machines-differences-you-should-know/}
},

%Gjennomførbarhetsanalyse. Dev/deployment env. Docker Containere vs Virtual Machines.
@article{4-kode24.no,
author = {kode24},
title = {Hva er greia med Docker? [Internett].},
year = {2021 [cited2023Jan23]},
note = {Available from: https://www.kode24.no/artikkel/hva-er-greia-med-docker/74020891},
url = {https://www.kode24.no/artikkel/hva-er-greia-med-docker/74020891}
},

%Gjennomførbarhetsanalyse. Dev/deployment env. Docker Containere vs Virtual Machines.
@article{4-docker.com,
author = {Docker},
title = {Use containers to Build, Share and Run your applications [Internett].},
year = {2023 [cited2023Jan23]},
note = {Available from: https://www.docker.com/resources/what-container/},
url = {https://www.docker.com/resources/what-container/}
},

%Gjennomførbarhetsanalyse. Dev/deployment env. Docker Containere vs Virtual Machines.
@article{4-circleci.com,
author = {Jacob Schmitt},
title = {Containers vs virtual machines: what is the difference? [Internett].},
year = {2022 [cited2023Jan23]},
note = {Available from: https://circleci.com/blog/containers-vs-virtual-machines/},
url = {https://circleci.com/blog/containers-vs-virtual-machines/}
},

%Gjennomførbarhetsanalyse. Prosjektstyringsverktøy.
@article{4-microsoft-teams,
author = {Microsoft},
title = {Microsoft Teams [Internett].},
year = {2023 [cited2023Jan23]},
note = {Available from: https://www.microsoft.com/en-us/microsoft-teams/group-chat-software/},
url = {https://www.microsoft.com/en-us/microsoft-teams/group-chat-software/}
},

%Gjennomførbarhetsanalyse. Prosjektstyringsverktøy.
@article{4-atlassian.com-jira,
author = {Atlassian},
title = {Jira Software [Internett].},
year = {2023 [cited2023Jan23]},
note = {Available from: https://www.atlassian.com/software/jira},
url = {https://www.atlassian.com/software/jira}
},

%Gjennomførbarhetsanalyse. Prosjektstyringsverktøy.
@article{4-trello.com,
author = {Atlassian. Trello.},
title = {Trello brings all your tasks, teammates, and tools together [Internett].},
year = {2023 [cited2023Jan23]},
note = {Available from: https://trello.com/home},
url = {https://trello.com/home}
},

%Gjennomførbarhetsanalyse. Prosjektstyringsverktøy.
@article{4-technologyadvice.com,
author = {Dale Jakes},
title = {Trello vs. Jira: Top Agile Project Management Tool. [Internett].},
year = {2022 [cited2023Jan23]},
note = {Available from: https://technologyadvice.com/blog/information-technology/trello-vs-jira-choosing-an-agile-project-management-tool/},
url = {https://technologyadvice.com/blog/information-technology/trello-vs-jira-choosing-an-agile-project-management-tool/}
},

%Gjennomførbarhetsanalyse. Utviklingsmetoder / metodikker.
@article{4-geeksforgeeks.org,
author = {manmeetjuneja5},
title = {Difference Between Bitbucket and GitHub [Internett].},
year = {2022 [cited2023Jan23]},
note = {Available from: https://www.geeksforgeeks.org/difference-between-bitbucket-and-github/},
url = {https://www.geeksforgeeks.org/difference-between-bitbucket-and-github/}
},

%Gjennomførbarhetsanalyse. Utviklingsmetoder / metodikker.
@article{4-atlassian.com-kanban-vs-scrum,
author = {Max Rehkopf},
title = {Kanban vs. scrum: which agile are you? [Internett].},
year = {2023 [cited2023Jan23]},
note = {Available from: https://www.atlassian.com/agile/kanban/kanban-vs-scrum/},
url = {https://www.atlassian.com/agile/kanban/kanban-vs-scrum/}
},

%Gjennomførbarhetsanalyse. Utviklingsmetoder / metodikker.
@article{4-logrocket.com-scrumban,
author = {Monica Dhiman},
title = {What is the scrumban methodology and how to implement it? [Internett].},
year = {2022 [cited2023Jan23]},
note = {Available from: https://blog.logrocket.com/product-management/what-is-scrumban-methodology-how-to-implement/#core-principles-of-scrumban/},
url = {https://blog.logrocket.com/product-management/what-is-scrumban-methodology-how-to-implement/#core-principles-of-scrumban/}
},

%Gjennomførbarhetsanalyse. Utviklingsmetoder / metodikker.
@article{4-atlassian.com-wip-limits,
author = {Dan Radigan},
title = {What are WIP limits? [Internett].},
year = {2023 [cited2023Jan23]},
note = {Available from: https://www.atlassian.com/agile/kanban/wip-limits/},
url = {https://www.atlassian.com/agile/kanban/wip-limits/}
},

%Gjennomførbarhetsanalyse. Dokumentasjon.
@article{4-docs.github.com,
author = {GitHub Docs},
title = {Quickstart for writing on GitHub [Internett].},
year = {2023 [cited2023Jan23]},
note = {Available from: https://docs.github.com/en/get-started/writing-on-github/getting-started-with-writing-and-formatting-on-github/quickstart-for-writing-on-github/},
url = {https://docs.github.com/en/get-started/writing-on-github/getting-started-with-writing-and-formatting-on-github/quickstart-for-writing-on-github/}
},

%Gjennomførbarhetsanalyse. Dokumentasjon.
@article{4-endnote.com,
author = {EndNote},
title = {Accelerate Your Research [Internett].},
year = {2023 [cited2023Jan23]},
note = {Available from: https://endnote.com/},
url = {https://endnote.com/}
},

%Gjennomførbarhetsanalyse. Dokumentasjon.
@article{4-mermaid.js.org,
author = {Mermaid},
title = {Mermaid Diagramming and charting tool [Internett].},
year = {2023 [cited2023Jan23]},
note = {Available from: https://mermaid.js.org/#/},
url = {https://mermaid.js.org/#/}
},

%Gjennomførbarhetsanalyse. Dokumentasjon.
@article{4-visual-paradigm.com,
author = {VisualParadigm},
title = {Infographic Maker [Internett].},
year = {2023 [cited2023Jan23]},
note = {Available from: https://online.visual-paradigm.com/},
url = {https://online.visual-paradigm.com/}
},

%Prosjektplan.
@article{6-scrumban-overview,
author = {Anuj Seth},
title = {Scrumban: An overview [Internett].},
year = {2022 [cited2023Jan23]},
note = {Available from: https://pmtips.xyz/2022/08/11/scrumban-an-overview/},
url = {https://pmtips.xyz/2022/08/11/scrumban-an-overview/}
},

%Prosjektplan.
@article{6-scrum-vs-kanban-vs-scrumban,
author = {Teamhood},
title = {Kanban vs Scrum vs Scrumban - How do they compare? [Internett].},
year = {2022 [cited2023Jan23]},
note = {Available from: https://teamhood.com/kanban/scrum-vs-kanban-vs-scrumban-how-do-they-compare/},
url = {https://teamhood.com/kanban/scrum-vs-kanban-vs-scrumban-how-do-they-compare/}
},

%Prosjektplan.
@article{6-agilealliance-scrumban,
author = {Corey Ladas},
title = {Scrumban [Internett].},
year = {2022 [cited2023Jan23]},
note = {Available from: https://www.agilealliance.org/scrumban/},
url = {https://www.agilealliance.org/scrumban/}
},
